@article{SMIRNOVA,
title = {New interatomic potential for simulation of pure magnesium and magnesium hydrides},
journal = {Computational Materials Science},
volume = {154},
pages = {295-302},
year = {2018},
author = {D.E. Smirnova and S.V. Starikov and A.M. Vlasova},
}


@article{Miron2005,
Author = {Miron, RA and Fichthorn, KA},
Title = {{Heteroepitaxial growth of Co/Cu(001): An accelerated molecular dynamics
   simulation study}},
Journal = {{Physical Review B}},
Year = {{2005}},
Volume = {{72}},
Number = {{3}},
Month = {{JUL}},
DOI = {{10.1103/PhysRevB.72.035415}},
Article-Number = {{035415}},
ISSN = {{2469-9950}},
EISSN = {{2469-9969}},
Unique-ID = {{ISI:000230890200159}},
}


@article{LeSarq989,
  title = {Finite-temperature defect properties from free-energy minimization},
  author = {LeSar, R. and Najafabadi, R. and Srolovitz, D. J.},
  journal = {Phys. Rev. Lett.},
  volume = {63},
  issue = {6},
  pages = {624--627},
  numpages = {0},
  year = {1989},
  month = {Aug},
  publisher = {American Physical Society},
}

@article{PLIMPTON,
title = "Computational limits of classical molecular dynamics simulations",
journal = "Computational Materials Science",
volume = "4",
number = "4",
pages = "361 - 364",
year = "1995",
note = "",
issn = "0927-0256",
author = "Steve Plimpton",
}

@article{BFGS,
title = "A Broyden�Fletcher�Goldfarb�Shanno optimization procedure for molecular geometries",
journal = "Chemical Physics Letters",
volume = "122",
number = "3",
pages = "264 - 270",
year = "1985",
note = "",
issn = "0009-2614",
doi = "http://dx.doi.org/10.1016/0009-2614(85)80574-1",
url = "http://www.sciencedirect.com/science/article/pii/0009261485805741",
author = "John D. Head and Michael C. Zerner",
}

@article{EAM-Mg,
  author={Xiang-Yang Liu and James B Adams and Furio Ercolessi and John A Moriarty},
  title={EAM potential for magnesium from quantum mechanical forces},
  journal={Modelling and Simulation in Materials Science and Engineering},
  volume={4},
  number={3},
  pages={293},
  year={1996},
 }

@article{EAM-Si,
  title = {Modified embedded-atom potentials for cubic materials and impurities},
  author = {Baskes, M. I.},
  journal = {Phys. Rev. B},
  volume = {46},
  issue = {5},
  pages = {2727--2742},
  numpages = {0},
  year = {1992},
  month = {Aug},
  publisher = {American Physical Society}
}

@article{li2007magnesium,
  title={Magnesium nanowires: enhanced kinetics for hydrogen absorption and desorption},
  author={Li, Weiyang and Li, Chunsheng and Ma, Hua and Chen, Jun},
  journal={Journal of the American Chemical Society},
  volume={129},
  number={21},
  pages={6710--6711},
  year={2007},
  publisher={ACS Publications}
}

@article{delafosse2001hydrogen,
  title={Hydrogen induced plasticity in stress corrosion cracking of engineering systems},
  author={Delafosse, D and Magnin, T},
  journal={Engineering Fracture Mechanics},
  volume={68},
  number={6},
  pages={693--729},
  year={2001},
  publisher={Elsevier}
}

@article{williams2000monte,
  title={Monte Carlo simulations of H 2 physisorption in finite-diameter carbon nanotube ropes},
  author={Williams, Keith A and Eklund, Peter C},
  journal={Chemical Physics Letters},
  volume={320},
  number={3},
  pages={352--358},
  year={2000},
  publisher={Elsevier}
}

@article{surya2011first,
  title={First principles study on desorption of chemisorbed hydrogen atoms from single-walled carbon nanotubes under external electric field},
  author={Surya, VJ and Iyakutti, K and Mizuseki, H and Kawazoe, Y},
  journal={International Journal of Hydrogen Energy},
  volume={36},
  number={21},
  pages={13645--13656},
  year={2011},
  publisher={Elsevier}
}

@article{miron2003accelerated,
  title={Accelerated molecular dynamics with the bond-boost method},
  author={Miron, Radu A and Fichthorn, Kristen A},
  journal={The Journal of Chemical Physics},
  volume={119},
  number={12},
  pages={6210--6216},
  year={2003},
  publisher={AIP Publishing}
}

@article{brihuega2004surface,
  title={Surface diffusion of single vacancies on Ge (111)- c (2$\times$ 8) studied by variable temperature scanning tunneling microscopy},
  author={Brihuega, I and Custance, O and G{\'o}mez-Rodr{\'\i}guez, JM},
  journal={Physical Review B},
  volume={70},
  number={16},
  pages={165410},
  year={2004},
  publisher={APS}
}

@article{li2011diffusive,
  title={Diffusive molecular dynamics and its application to nanoindentation and sintering},
  author={Li, Ju and Sarkar, Sanket and Cox, William T and Lenosky, Thomas J and Bitzek, Erik and Wang, Yunzhi},
  journal={Physical Review B},
  volume={84},
  number={5},
  pages={054103},
  year={2011},
  publisher={APS}
}

@article{venturini2014atomistic,
  title={Atomistic long-term simulation of heat and mass transport},
  author={Venturini, G and Wang, K and Romero, I and Ariza, M.~P. and Ortiz, M},
  journal={Journal of the Mechanics and Physics of Solids},
  volume={73},
  pages={242--268},
  year={2014},
  publisher={Elsevier}
}

@article{wang2015long,
  title={Long-term atomistic simulation of hydrogen diffusion in metals},
  author={Wang, KG and Ortiz, M and Ariza, M.~P.},
  journal={International Journal of Hydrogen Energy},
  volume={40},
  number={15},
  pages={5353--5358},
  year={2015},
  publisher={Elsevier}
}

@article{jaynes1957information1,
  title={Information theory and statistical mechanics I},
  author={Jaynes, Edwin T},
  journal={Physical Review},
  volume={106},
  number={4},
  pages={620--630},
  year={1957},
  publisher={APS}
}

@article{jaynes1957information2,
  title={Information theory and statistical mechanics II},
  author={Jaynes, Edwin T},
  journal={Physical Review},
  volume={108},
  number={2},
  pages={171--190},
  year={1957},
  publisher={APS}
}

@article{wolf1993pressure,
  title={Pressure-composition isotherms for palladium hydride},
  author={Wolf, Ralph J and Lee, Myung W and Davis, Ricardo C and Fay, Patrick J and Ray, John R},
  journal={Physical Review B},
  volume={48},
  number={17},
  pages={12415},
  year={1993},
  publisher={APS}
}

@article{zhou2008embedded,
  title={An embedded-atom method interatomic potential for Pd--H alloys},
  author={Zhou, XW and Zimmerman, Jonathan A and Wong, Bryan Matthew and Hoyt, Jeffrey J},
  journal={Journal of Materials Research},
  volume={23},
  number={03},
  pages={704--718},
  year={2008},
  publisher={Cambridge Univ Press}
}

@article{sakamoto1982x,
  title={X-ray investigation of the absorption of hydrogen by several palladium and nickel solid solution alloys},
  author={Sakamoto, Y and Yuwasa, K and Hirayama, K},
  journal={Journal of the Less Common Metals},
  volume={88},
  number={1},
  pages={115--124},
  year={1982},
  publisher={Elsevier}
}

@article{hagi1990diffusion,
  title={Diffusion coefficient of hydrogen in palladium films prepared by RF sputtering},
  author={Hagi, Hideki},
  journal={Materials Transactions, JIM},
  volume={31},
  number={11},
  pages={954--958},
  year={1990},
  publisher={The Japan Institute of Metals}
}

@article{boes1976electrochemical,
  title={Electrochemical methods for studying diffusion, permeation and solubility of hydrogen in metals},
  author={Boes, N and Z{\"u}chner, H},
  journal={Journal of the Less Common Metals},
  volume={49},
  pages={223--240},
  year={1976},
  publisher={Elsevier}
}

@article{li1996hydrogen,
  title={Hydrogen diffusion and solubility in palladium thin films},
  author={Li, Yang and Cheng, Yang Tse},
  journal={International Journal of Hydrogen Energy},
  volume={21},
  number={4},
  pages={281--291},
  year={1996},
  publisher={Elsevier}
}

@article{kulkarni2008variational,
  title={A variational approach to coarse graining of equilibrium and non-equilibrium atomistic description at finite temperature},
  author={Kulkarni, Yashashree and Knap, Jaroslaw and Ortiz, Michael},
  journal={Journal of the Mechanics and Physics of Solids},
  volume={56},
  number={4},
  pages={1417--1449},
  year={2008},
  publisher={Elsevier}
}

@article{jewell2006review,
  title={Review of absorption and adsorption in the hydrogen--palladium system},
  author={Jewell, Linda L and Davis, Burtron H},
  journal={Applied Catalysis A: General},
  volume={310},
  pages={1--15},
  year={2006},
  publisher={Elsevier}
}

@article{ulvestad2015avalanching,
  title={Avalanching strain dynamics during the hydriding phase transformation in individual palladium nanoparticles},
  author={Ulvestad, A and Welland, MJ and Collins, SSE and Harder, R and Maxey, E and Wingert, J and Singer, A and Hy, S and Mulvaney, P and Zapol, P and others},
  journal={Nature Communications},
  volume={6},
  pages={1--8},
  year={2015},
  publisher={Nature Publishing Group}
}

@article{tomanek1991ab,
  title={Ab initio calculation of chemisorption systems: H on Pd (001) and Pd (110)},
  author={Tom{\'a}nek, D and Sun, Z and Louie, Steven G},
  journal={Physical Review B},
  volume={43},
  number={6},
  pages={4699},
  year={1991},
  publisher={APS}
}

@article{dong1998hydrogen,
  title={Hydrogen adsorption on palladium: a comparative theoretical study of different surfaces},
  author={Dong, W and Ledentu, V and Sautet, Ph and Eichler, A and Hafner, J},
  journal={Surface Science},
  volume={411},
  number={1},
  pages={123--136},
  year={1998},
  publisher={Elsevier}
}

@article{frieske1973magnetic,
  title={Magnetic susceptibility and equilibrium diagram of PdHn},
  author={Frieske, H and Wicke, E},
  journal={Berichte der Bunsengesellschaft f{\"u}r physikalische Chemie},
  volume={77},
  number={1},
  pages={48--52},
  year={1973},
  publisher={Wiley Online Library}
}

@article{baldi2014situ,
  title={In situ detection of hydrogen-induced phase transitions in individual palladium nanocrystals},
  author={Baldi, Andrea and Narayan, Tarun C and Koh, Ai Leen and Dionne, Jennifer A},
  journal={Nature Materials},
  volume={13},
  number={12},
  pages={1143--1148},
  year={2014},
  publisher={Nature Publishing Group}
}

@TechReport{petsc-user-ref,
  author = {Satish Balay and Shrirang Abhyankar and Mark~F. Adams and Jed Brown and Peter Brune
            and Kris Buschelman and Lisandro Dalcin and Victor Eijkhout and William~D. Gropp
            and Dinesh Kaushik and Matthew~G. Knepley
            and Lois Curfman McInnes and Karl Rupp and Barry~F. Smith
            and Stefano Zampini and Hong Zhang and Hong Zhang},
  title  = {{PETS}c Users Manual},
  institution = {Argonne National Laboratory},
  year   = 2016,
  number = {ANL-95/11 - Revision 3.7},
}

@book{balluffi2005kinetics,
  title={Kinetics of materials},
  author={Balluffi, Robert W and Allen, Sam and Carter, W Craig},
  year={2005},
  publisher={John Wiley \& Sons}
}

@article{narayan2017direct,
  title={Direct visualization of hydrogen absorption dynamics in individual palladium nanoparticles},
  author={Narayan, Tarun C and Hayee, Fariah and Baldi, Andrea and Koh, Ai Leen and Sinclair, Robert and Dionne, Jennifer A},
  journal={Nature Communications},
  volume={8},
  pages={14020},
  year={2017},
  publisher={Nature Publishing Group}
}

@misc{blueridge,
  title = {{Webpage for BlueRidge (Sandy Bridge)}},
  howpublished = {\url{https://secure.hosting.vt.edu/www.arc.vt.edu/computing/blueridge-sandy-bridge/}}
}

@book{yeomans1992statistical,
  title={Statistical mechanics of phase transitions},
  author={Yeomans, Julia M},
  year={1992},
  publisher={Clarendon Press}
}

@incollection{kehr1978theory,
  title={Theory of the diffusion of hydrogen in metals},
  author={Kehr, KW},
  booktitle={Hydrogen in Metals I},
  pages={197--226},
  year={1978},
  publisher={Springer}
}

@book{mueller2013metal,
  title={Metal hydrides},
  author={Mueller, William M and Blackledge, James P and Libowitz, George G},
  year={2013},
  publisher={Elsevier}
}

@article{nocedal1980updating,
  title={Updating quasi-Newton matrices with limited storage},
  author={Nocedal, Jorge},
  journal={Mathematics of computation},
  volume={35},
  number={151},
  pages={773--782},
  year={1980}
}

@article{lewis1967palladium,
  title={The palladium/hydrogen system},
  author={Lewis, Frederick Alastair},
  year={1967},
  publisher={Citeseer}
}

@article{zhao2004all,
  title={All-optical hydrogen-sensing materials based on tailored palladium alloy thin films},
  author={Zhao, Z and Sevryugina, Y and Carpenter, MA and Welch, D and Xia, H},
  journal={Analytical chemistry},
  volume={76},
  number={21},
  pages={6321--6326},
  year={2004},
  publisher={ACS Publications}
}

@article{kulprathipanja2005pd,
  title={Pd and Pd--Cu membranes: inhibition of H 2 permeation by H 2 S},
  author={Kulprathipanja, Ames and Alptekin, G{\"o}khan O and Falconer, John L and Way, J Douglas},
  journal={Journal of Membrane Science},
  volume={254},
  number={1},
  pages={49--62},
  year={2005},
  publisher={Elsevier}
}

@article{delmelle2011situ,
  title={An in situ study of the hydriding kinetics of Pd thin films},
  author={Delmelle, Renaud and Proost, Joris},
  journal={Physical Chemistry Chemical Physics},
  volume={13},
  number={23},
  pages={11412--11421},
  year={2011},
  publisher={Royal Society of Chemistry}
}

@article{zuzek2000phase,
  title={Phase Diagrams of Binary Hydrogen Alloys},
  author={Zuzek, E and Abriata, JP and San-Martin, A and Manchester, FD},
  journal={ASM International, Materials Park, OH},
  pages={309--310},
  year={2000}
}

@article{narayan2016reconstructing,
  title={Reconstructing solute-induced phase transformations within individual nanocrystals},
  author={Narayan, Tarun C and Baldi, Andrea and Koh, Ai Leen and Sinclair, Robert and Dionne, Jennifer A},
  journal={Nature Materials},
  volume={15},
  number={7},
  pages={768--774},
  year={2016},
  publisher={Nature Publishing Group}
}

@article{griessen2015thermodynamics,
  title={Thermodynamics of the hybrid interaction of hydrogen with palladium nanoparticles},
  author={Griessen, Ronald and Strohfeldt, Nikolai and Giessen, Harald},
  journal={Nature Materials},
  volume={15},
  number={3},
  pages={311--317},
  year={2016},
  publisher={Nature Publishing Group}
}

@article{ulvestad2017three,
  title={Three-dimensional imaging of dislocation dynamics during the hydriding phase transformation},
  author={Ulvestad, A and Welland, MJ and Cha, W and Liu, Y and Kim, JW and Harder, R and Maxey, E and Clark, JN and Highland, MJ and You, H and others},
  journal={Nature Materials},
  volume={16},
  pages={565-571},
  year={2017},
  publisher={Nature Research}
}

@article{onsager1931reciprocal1,
  title={Reciprocal relations in irreversible processes. I.},
  author={Onsager, Lars},
  journal={Physical Review},
  volume={37},
  number={4},
  pages={405},
  year={1931},
  publisher={APS}
}

@article{onsager1931reciprocal2,
  title={Reciprocal relations in irreversible processes. II.},
  author={Onsager, Lars},
  journal={Physical Review},
  volume={38},
  number={12},
  pages={2265},
  year={1931},
  publisher={APS}
}

@article{lemier2007grain,
  title={Grain boundary segregation, stress and stretch: effects on hydrogen absorption in nanocrystalline palladium},
  author={Lemier, C and Weissm{\"u}ller, J},
  journal={Acta Materialia},
  volume={55},
  number={4},
  pages={1241--1254},
  year={2007},
  publisher={Elsevier}
}

@article{pundt2004hydrogen,
  title={Hydrogen in Nano-sized Metals},
  author={Pundt, Astrid},
  journal={Advanced Engineering Materials},
  volume={6},
  number={1-2},
  pages={11--21},
  year={2004},
  publisher={Wiley Online Library}
}

@article{salata2004applications,
  title={Applications of nanoparticles in biology and medicine},
  author={Salata, Oleg V},
  journal={Journal of Nanobiotechnology},
  volume={2},
  number={1},
  pages={3},
  year={2004},
  publisher={BioMed Central}
}

@article{lu2007nanoelectronics,
  title={Nanoelectronics from the bottom up},
  author={Lu, Wei and Lieber, Charles M},
  journal={Nature Materials},
  volume={6},
  number={11},
  pages={841--850},
  year={2007},
  publisher={Nature Publishing Group}
}

@article{su2014silicon,
  title={Silicon-based nanomaterials for lithium-ion batteries: a review},
  author={Su, Xin and Wu, Qingliu and Li, Juchuan and Xiao, Xingcheng and Lott, Amber and Lu, Wenquan and Sheldon, Brian W and Wu, Ji},
  journal={Advanced Energy Materials},
  volume={4},
  number={1},
  year={2014},
  publisher={Wiley Online Library}
}

@article{voter2002extending,
  title={Extending the time scale in atomistic simulation of materials},
  author={Voter, Arthur F and Montalenti, Francesco and Germann, Timothy C},
  journal={Annual Review of Materials Research},
  volume={32},
  number={1},
  pages={321--346},
  year={2002},
  publisher={Annual Reviews 4139 El Camino Way, PO Box 10139, Palo Alto, CA 94303-0139, USA}
}

@incollection{voter2007introduction,
  title={Introduction to the kinetic Monte Carlo method},
  author={Voter, Arthur F},
  booktitle={Radiation Effects in Solids},
  pages={1--23},
  year={2007},
  publisher={Springer}
}

@article{sarkar2012finding,
  title={Finding activation pathway of coupled displacive-diffusional defect processes in atomistics: Dislocation climb in fcc copper},
  author={Sarkar, Sanket and Li, Ju and Cox, William T and Bitzek, Erik and Lenosky, Thomas J and Wang, Yunzhi},
  journal={Physical Review B},
  volume={86},
  number={1},
  pages={014115},
  year={2012},
  publisher={APS}
}

@article{simpson2016theoretical,
  title={A Theoretical Examination of Diffusive Molecular Dynamics},
  author={Simpson, Gideon and Luskin, Mitchell and Srolovitz, David J},
  journal={SIAM Journal on Applied Mathematics},
  volume={76},
  number={6},
  pages={2175--2195},
  year={2016},
  publisher={SIAM}
}


@inproceedings{sun2016deformation,
  title={Deformation-diffusion coupled analysis of long-term hydrogen diffusion in nanofilms},
  author={Sun, Xingsheng and Ariza, M.~P. and Wang, Kevin},
  booktitle={Proceedings of VII European Congress on Computational Methods in Applied Sciences and Engineering},
  volume={1},
  pages={197--208},
  year={2016},
  organization={ECCOMAS}
}

@article{piperno1997explicit,
  title={Explicit/implicit fluid/structure staggered procedures with a structural predictor and fluid subcycling for 2D inviscid aeroelastic simulations},
  author={Piperno, Serge},
  journal={International journal for numerical methods in fluids},
  volume={25},
  number={10},
  pages={1207--1226},
  year={1997},
  publisher={Chichester; New York: Wiley, c1981-}
}

@article{valli2008decoupled,
  title={On decoupled time step/subcycling and iteration strategies for multiphysics problems},
  author={Valli, AMP and Carey, GF and Coutinho, ALGA},
  journal={International Journal for Numerical Methods in Biomedical Engineering},
  volume={24},
  number={12},
  pages={1941--1952},
  year={2008},
  publisher={Wiley Online Library}
}

@article{yu2013comparison,
  title={A comparison of subcycling algorithms for bridging disparities in temporal scale between the fire and solid domains},
  author={Yu, Xiaojun and Jeffers, Ann E},
  journal={Fire Safety Journal},
  volume={59},
  pages={55--61},
  year={2013},
  publisher={Elsevier}
}

@article{verlet1967computer,
  title={Computer" experiments" on classical fluids. I. Thermodynamical properties of Lennard-Jones molecules},
  author={Verlet, Loup},
  journal={Physical Review},
  volume={159},
  number={1},
  pages={98},
  year={1967},
  publisher={APS}
}

@book{frenkel2001understanding,
  title={Understanding molecular simulation: from algorithms to applications},
  author={Frenkel, Daan and Smit, Berend},
  volume={1},
  year={2001},
  publisher={Academic press}
}

@article{metropolis1949monte,
  title={The monte carlo method},
  author={Metropolis, Nicholas and Ulam, Stanislaw},
  journal={Journal of the American statistical association},
  volume={44},
  number={247},
  pages={335--341},
  year={1949},
  publisher={Taylor \& Francis Group}
}

@article{golub1969calculation,
  title={Calculation of Gauss quadrature rules},
  author={Golub, Gene H and Welsch, John H},
  journal={Mathematics of computation},
  volume={23},
  number={106},
  pages={221--230},
  year={1969}
}

@book{stroud1971approximate,
  title={Approximate calculation of multiple integrals},
  author={Stroud, Arthur H},
  year={1971},
  publisher={Prentice-Hall}
}

@article{stroud1966some,
  title={Some fifth degree integration formulas for symmetric regions},
  author={Stroud, AH},
  journal={Mathematics of Computation},
  volume={20},
  number={93},
  pages={90--97},
  year={1966},
  publisher={JSTOR}
}

@article{stroud1967some,
  title={Some fifth degree integration formulas for symmetric regions II},
  author={Stroud, AH},
  journal={Numerische Mathematik},
  volume={9},
  number={5},
  pages={460--468},
  year={1967},
  publisher={Springer}
}

@article{ariza2012hotqc,
  title={HotQC simulation of nanovoid growth under tension in copper},
  author={Ariza, M.~P. and Romero, I and Ponga, M and Ortiz, M},
  journal={International journal of fracture},
  volume={174},
  number={1},
  pages={75--85},
  year={2012},
  publisher={Springer}
}

@article{ponga2015finite,
  title={Finite-temperature non-equilibrium quasi-continuum analysis of nanovoid growth in copper at low and high strain rates},
  author={Ponga, M and Ortiz, M and Ariza, M.~P.},
  journal={Mechanics of Materials},
  volume={90},
  pages={253--267},
  year={2015},
  publisher={Elsevier}
}

@article{lesar1991thermodynamics,
  title={Thermodynamics of solid and liquid embedded-atom-method metals: A variational study},
  author={LeSar, R and Najafabadi, R and Srolovitz, DJ},
  journal={The Journal of chemical physics},
  volume={94},
  number={7},
  pages={5090--5097},
  year={1991},
  publisher={AIP}
}

@article{dontsova2014solute,
  title={Solute-defect interactions in Al-Mg alloys from diffusive variational Gaussian calculations},
  author={Dontsova, E and Rottler, J and Sinclair, CW},
  journal={Physical Review B},
  volume={90},
  number={17},
  pages={174102},
  year={2014},
  publisher={APS}
}

@article{li2014hydrogen,
  title={Hydrogen storage in Pd nanocrystals covered with a metal--organic framework},
  author={Li, Guangqin and Kobayashi, Hirokazu and Taylor, Jared M and Ikeda, Ryuichi and Kubota, Yoshiki and Kato, Kenichi and Takata, Masaki and Yamamoto, Tomokazu and Toh, Shoichi and Matsumura, Syo and others},
  journal={Nature materials},
  volume={13},
  number={8},
  pages={802--806},
  year={2014},
  publisher={Nature Research}
}

@article{li2014shape,
  title={Shape-dependent hydrogen-storage properties in Pd nanocrystals: which does hydrogen prefer, octahedron (111) or cube (100)?},
  author={Li, Guangqin and Kobayashi, Hirokazu and Dekura, Shun and Ikeda, Ryuichi and Kubota, Yoshiki and Kato, Kenichi and Takata, Masaki and Yamamoto, Tomokazu and Matsumura, Syo and Kitagawa, Hiroshi},
  journal={Journal of the American Chemical Society},
  volume={136},
  number={29},
  pages={10222--10225},
  year={2014},
  publisher={ACS Publications}
}

@book{bokstein2005thermodynamics,
  title={Thermodynamics and kinetics in materials science: a short course},
  author={Bokstein, Boris S and Mendelev, Mikhail I and Srolovitz, David J},
  year={2005},
  publisher={Oxford University Press}
}

@article{matsumoto2009atomistic,
  title={Atomistic simulations of hydrogen embrittlement},
  author={Matsumoto, Ryosuke and Taketomi, Shinya and Matsumoto, Sohei and Miyazaki, Noriyuki},
  journal={international journal of hydrogen energy},
  volume={34},
  number={23},
  pages={9576--9584},
  year={2009},
  publisher={Elsevier}
}

@article{song2013atomic,
  title={Atomic mechanism and prediction of hydrogen embrittlement in iron},
  author={Song, Jun and Curtin, WA},
  journal={Nature materials},
  volume={12},
  number={2},
  pages={145--151},
  year={2013},
  publisher={Nature Research}
}

@article{pierce2012routine,
  title={Routine access to millisecond time scale events with accelerated molecular dynamics},
  author={Pierce, Levi CT and Salomon-Ferrer, Romelia and Augusto F. de Oliveira, Cesar and McCammon, J Andrew and Walker, Ross C},
  journal={Journal of Chemical Theory and Computation},
  volume={8},
  number={9},
  pages={2997--3002},
  year={2012},
  publisher={ACS Publications}
}

@article{hamelberg2007sampling,
  title={Sampling of slow diffusive conformational transitions with accelerated molecular dynamics},
  author={Hamelberg, Donald and de Oliveira, Cesar Augusto F and McCammon, J Andrew},
  journal={The Journal of chemical physics},
  volume={127},
  number={15},
  pages={10B614},
  year={2007},
  publisher={AIP}
}

@article{daw1984embedded,
  title={Embedded-atom method: Derivation and application to impurities, surfaces, and other defects in metals},
  author={Daw, Murray S and Baskes, Michael I},
  journal={Physical Review B},
  volume={29},
  number={12},
  pages={6443},
  year={1984},
  publisher={APS}
}

@article{lin1998integrated,
  title={An integrated purification and production of hydrogen with a palladium membrane-catalytic reactor},
  author={Lin, Yu-Ming and Lee, Guo-Lin and Rei, Min-Hon},
  journal={Catalysis today},
  volume={44},
  number={1},
  pages={343--349},
  year={1998},
  publisher={Elsevier}
}

@article{zalineeva2017octahedral,
  title={Octahedral palladium nanoparticles as excellent hosts for electrochemically adsorbed and absorbed hydrogen},
  author={Zalineeva, Anna and Baranton, St{\`e}ve and Coutanceau, Christophe and Jerkiewicz, Gregory},
  journal={Science Advances},
  volume={3},
  number={2},
  pages={e1600542},
  year={2017},
  publisher={American Association for the Advancement of Science}
}

@article{okuyama1998path,
  title={Path and mechanism of hydrogen absorption at Pd (100)},
  author={Okuyama, H and Siga, W and Takagi, N and Nishijima, M and Aruga, T},
  journal={Surface science},
  volume={401},
  number={3},
  pages={344--354},
  year={1998},
  publisher={Elsevier}
}